<record xmlns:xsi="http://www.w3.org/2001/XMLSchema-instance" xmlns="http://www.loc.gov/MARC21/slim" xsi:schemaLocation="http://www.loc.gov/MARC21/slim http://www.loc.gov/standards/marcxml/schema/MARC21slim.xsd">

  <leader>     nam a22        4500</leader>
  <datafield ind1=" " ind2=" " tag="999">
    <subfield code="c">3453</subfield>
    <subfield code="d">3453</subfield>
  </datafield>
  <controlfield tag="008">171017b2009    pe a|||| |||| 00| | spa d</controlfield>
  <datafield ind2=" " ind1=" " tag="090">
    <subfield code="a">06.06.02</subfield>
    <subfield code="b">2431</subfield>
  </datafield>
  <datafield tag="110" ind1="2" ind2=" ">
    <subfield code="9">3234</subfield>
    <subfield code="a">Universidad Peruana Cayetano Heredia. Facultad de Educación</subfield>
  </datafield>
  <datafield tag="245" ind2="0" ind1="1">
    <subfield code="a">Comprensión lectora: módulo de capacitación para docentes</subfield>
  </datafield>
  <datafield tag="250" ind1=" " ind2=" ">
    <subfield code="a">Primera edición;</subfield>
    <subfield code="b">Reimpresión, 2017</subfield>
  </datafield>
  <datafield ind1=" " ind2=" " tag="260">
    <subfield code="a">Perú :</subfield>
    <subfield code="b">USAID,</subfield>
    <subfield code="c">2009</subfield>
  </datafield>
  <datafield tag="300" ind2=" " ind1=" ">
    <subfield code="a">114 páginas;</subfield>
    <subfield code="b">ilustraciones</subfield>
  </datafield>
  <datafield tag="650" ind2="4" ind1="1">
    <subfield code="9">729</subfield>
    <subfield code="a">CAPACITACIÓN</subfield>
  </datafield>
  <datafield tag="650" ind1="1" ind2="4">
    <subfield code="9">9</subfield>
    <subfield code="a">FORMACIÓN DE DOCENTES</subfield>
  </datafield>
  <datafield tag="650" ind1="1" ind2="4">
    <subfield code="9">80</subfield>
    <subfield code="a">ALFABETIZACIÓN</subfield>
  </datafield>
  <datafield tag="650" ind2="4" ind1="1">
    <subfield code="9">367</subfield>
    <subfield code="a">EDUCACIÓN PRIMARIA</subfield>
  </datafield>
  <datafield tag="650" ind1="1" ind2="4">
    <subfield code="9">1188</subfield>
    <subfield code="a">COMPRENSIÓN DE LECTURA</subfield>
  </datafield>
  <datafield ind1=" " ind2=" " tag="942">
    <subfield code="2">z</subfield>
    <subfield code="c">01</subfield>
  </datafield>
</record>